%YAML 1.1
%TAG !u! tag:unity3d.com,2011:
--- !u!1 &129826
GameObject:
  m_ObjectHideFlags: 0
  m_PrefabParentObject: {fileID: 0}
  m_PrefabInternal: {fileID: 100100000}
  serializedVersion: 4
  m_Component:
  - 4: {fileID: 483948}
  - 33: {fileID: 3372186}
  - 23: {fileID: 2357056}
  - 65: {fileID: 6578630}
  - 114: {fileID: 11493178}
  - 114: {fileID: 11415126}
  - 54: {fileID: 5476494}
  m_Layer: 0
  m_Name: tree
  m_TagString: Tree
  m_Icon: {fileID: 0}
  m_NavMeshLayer: 0
  m_StaticEditorFlags: 0
  m_IsActive: 1
--- !u!4 &483948
Transform:
  m_ObjectHideFlags: 1
  m_PrefabParentObject: {fileID: 0}
  m_PrefabInternal: {fileID: 100100000}
  m_GameObject: {fileID: 129826}
  m_LocalRotation: {x: -0.6906417, y: -0.15170425, z: -0.15170424, w: 0.6906416}
  m_LocalPosition: {x: -14.556286, y: 10.9, z: 38.68697}
  m_LocalScale: {x: 60, y: 60, z: 40}
  m_Children: []
  m_Father: {fileID: 0}
  m_RootOrder: 0
--- !u!23 &2357056
MeshRenderer:
  m_ObjectHideFlags: 1
  m_PrefabParentObject: {fileID: 0}
  m_PrefabInternal: {fileID: 100100000}
  m_GameObject: {fileID: 129826}
  m_Enabled: 1
  m_CastShadows: 1
  m_ReceiveShadows: 1
  m_Materials:
  - {fileID: 2100000, guid: cd4fa49f762465e4ab173237f773606c, type: 2}
  m_SubsetIndices: 
  m_StaticBatchRoot: {fileID: 0}
  m_UseLightProbes: 1
  m_ReflectionProbeUsage: 1
  m_ProbeAnchor: {fileID: 0}
  m_ScaleInLightmap: 1
  m_PreserveUVs: 0
  m_IgnoreNormalsForChartDetection: 0
  m_ImportantGI: 0
  m_MinimumChartSize: 4
  m_AutoUVMaxDistance: 0.5
  m_AutoUVMaxAngle: 89
  m_LightmapParameters: {fileID: 0}
  m_SortingLayerID: 0
  m_SortingOrder: 0
--- !u!33 &3372186
MeshFilter:
  m_ObjectHideFlags: 1
  m_PrefabParentObject: {fileID: 0}
  m_PrefabInternal: {fileID: 100100000}
  m_GameObject: {fileID: 129826}
  m_Mesh: {fileID: 4300000, guid: eff86e81666042747b05039603979166, type: 3}
--- !u!54 &5476494
Rigidbody:
  m_ObjectHideFlags: 1
  m_PrefabParentObject: {fileID: 0}
  m_PrefabInternal: {fileID: 100100000}
  m_GameObject: {fileID: 129826}
  serializedVersion: 2
  m_Mass: 10
  m_Drag: 0
  m_AngularDrag: 0.05
  m_UseGravity: 1
  m_IsKinematic: 1
  m_Interpolate: 1
  m_Constraints: 0
  m_CollisionDetection: 0
--- !u!65 &6578630
BoxCollider:
  m_ObjectHideFlags: 1
  m_PrefabParentObject: {fileID: 0}
  m_PrefabInternal: {fileID: 100100000}
  m_GameObject: {fileID: 129826}
  m_Material: {fileID: 0}
  m_IsTrigger: 0
  m_Enabled: 1
  serializedVersion: 2
  m_Size: {x: 0.016275601, y: 0.014609075, z: 0.12225953}
  m_Center: {x: -0.00006260599, y: 0.0008571346, z: 0.06254865}
--- !u!114 &11415126
MonoBehaviour:
  m_ObjectHideFlags: 1
  m_PrefabParentObject: {fileID: 0}
  m_PrefabInternal: {fileID: 100100000}
  m_GameObject: {fileID: 129826}
  m_Enabled: 1
  m_EditorHideFlags: 0
  m_Script: {fileID: 11500000, guid: aa584fbee541324448dd18d8409c7a41, type: 3}
  m_Name: 
  m_EditorClassIdentifier: 
  ownerId: 0
  group: 0
  prefixBackup: -1
  observed: {fileID: 0}
  synchronization: 3
  onSerializeTransformOption: 3
  onSerializeRigidBodyOption: 2
  ownershipTransfer: 0
  ObservedComponents:
  - {fileID: 11493178}
  ObservedComponentsFoldoutOpen: 1
  viewIdField: 0
  instantiationId: -1
  isRuntimeInstantiated: 0
--- !u!114 &11493178
MonoBehaviour:
  m_ObjectHideFlags: 1
  m_PrefabParentObject: {fileID: 0}
  m_PrefabInternal: {fileID: 100100000}
  m_GameObject: {fileID: 129826}
  m_Enabled: 1
  m_EditorHideFlags: 0
  m_Script: {fileID: 11500000, guid: c4d63f20fd5642a42b8b82dd1a076906, type: 3}
  m_Name: 
  m_EditorClassIdentifier: 
  Chopp: {fileID: 8300000, guid: b425324c95674774d82d5e17f664b4a1, type: 3}
  Tree_fall: {fileID: 8300000, guid: b68112668c26df0438c1a21506009dd1, type: 3}
  refTime: 0.5
  treelife: 20
--- !u!1001 &100100000
Prefab:
  m_ObjectHideFlags: 1
  serializedVersion: 2
  m_Modification:
    m_TransformParent: {fileID: 0}
    m_Modifications:
    - target: {fileID: 0}
      propertyPath: m_Enabled
      value: 1
      objectReference: {fileID: 0}
    - target: {fileID: 0}
      propertyPath: m_LocalScale.x
      value: 45
      objectReference: {fileID: 0}
    - target: {fileID: 0}
      propertyPath: m_LocalScale.y
      value: 45
      objectReference: {fileID: 0}
    - target: {fileID: 0}
      propertyPath: m_LocalScale.z
      value: 30
      objectReference: {fileID: 0}
    - target: {fileID: 0}
      propertyPath: m_LODs.Array.data[0].screenRelativeHeight
      value: 0.53058374
      objectReference: {fileID: 0}
    - target: {fileID: 0}
      propertyPath: m_LODs.Array.data[1].screenRelativeHeight
      value: 0.20425084
      objectReference: {fileID: 0}
    m_RemovedComponents: []
  m_ParentPrefab: {fileID: 0}
  m_RootGameObject: {fileID: 129826}
  m_IsPrefabParent: 1
